<?xml version="1.0" encoding="UTF-8"?><collection xmlns="http://www.loc.gov/MARC21/slim"><record><leader>00309nam--2200121-i-4500</leader><controlfield tag="001">000037206</controlfield><controlfield tag="002">20161230</controlfield><controlfield tag="005">20161230201041</controlfield><controlfield tag="008">060222s1000------------r-----000-0-eng-d</controlfield><datafield ind1=" " ind2=" " tag="080"><subfield code="a">061.3</subfield></datafield><datafield ind1=" " ind2=" " tag="245"><subfield code="a">Programul sesiunii stiintifice de comunicari. uz intern</subfield></datafield><datafield ind1=" " ind2=" " tag="260"><subfield code="a">Bucuresti, Ifa.,1972. 155 P</subfield></datafield><datafield ind1=" " ind2=" " tag="852"><subfield code="a">36780</subfield></datafield></record></collection>